@misc{ARCore,
editor = {{Google Developers}},
year = {2021},
title = {ARCore SDK for Android},
url = {\url{https://developers.google.com/ar/develop/java/quickstart}},
urldate = {16.03.2023},
series = {Developers}
}

@misc{PokemonGO,
editor = {{Niantic Inc.}},
year = {2016},
title = {Pokemon Go},
url = {\url{https://play.google.com/store/apps/details?id=com.nianticlabs.pokemongo&gl=ES}},
urldate = {16.03.2023}
}

@misc{AngryBirds,
editor = {{Rovio Entertainment Corporation}},
year = {2018},
title = {Angry Birds AR: Isle of Pigs},
url = {\url{https://play.google.com/store/apps/details?id=com.rovio.abar&gl=ES}},
urldate = {16.03.2023}
}

@misc{JurassicWorld,
editor = {{Ludia Inc.}},
year = {2018},
title = {Jurassic World Alive},
url = {\url{https://play.google.com/store/apps/details?id=com.ludia.jw2&gl=ES}},
urldate = {16.03.2023},
}

@misc{HarryPotter,
editor = {{Niantic Inc.}},
year = {2018},
title = {Harry Potter: Wizards Unite},
url = {\url{https://play.google.com/store/apps/details?id=com.nianticlabs.hpwu.prod&gl=ru}},
urldate = {16.03.2023},
}

@misc{MinecraftEarth,
editor = {{Mojang}},
year = {2018},
title = {Minecraft Earth},
url = {\url{https://play.google.com/store/apps/details?id=com.mojang.minecraftearth&gl=AE}},
urldate = {16.03.2023},
}
