@Misc{misc-url,
  author = {Google Developers},
  title =	 {Google Developers. (2021). ARCore SDK for Android. = {Available on: \url{https://developers.google.com/ar/develop/java/quickstart}}},
  year =	 2021
}
